@misc{truebit,
    author  = "Teutsch, Jason and Reitwiessner, Christian",
    title   = "A scalable verification solution for blockchains",
    year    = "2017",
    howpublished = "\url{https://people.cs.uchicago.edu/~teutsch/papers/truebit.pdf}",
}

@inproceedings{Luu_demystifyingincentives,
    author = {Loi Luu and Jason Teutsch and Raghav Kulkarni and Prateek Saxena},
    title = {Demystifying incentives in the consensus computer},
 booktitle = {Proceedings of the 22nd ACM SIGSAC Conference on Computer and Communications Security},
 series = {CCS '15},
 year = {2015},
 pages = {706--719},
 publisher = {ACM},
}

@misc{indiex,
    author  = "Drake, Justin",
    title   = "Proof of independent execution",
    year    = "2018",
    howpublished = "\url{https://ethresear.ch/t/proof-of-independent-execution/1988}",
}

@inproceedings{FiatShamir,
    author = {Amos Fiat and Adi Shamir},
    title = {How To Prove Yourself: Practical Solutions to Identification and Signature Problems},
    year = {1987},
    pages = {186--194},
    publisher = {Springer-Verlag},
    booktitle = {Proceedings on Advances in cryptology---CRYPTO '86},
    year = {1987},
    pages = {186--194},
    publisher = {Springer-Verlag},
}
@article{KahnemanTversky,
 author = {Daniel Kahneman and Amos Tversky},
 journal = {Econometrica},
 number = {2},
 pages = {263--291},
 publisher = {[Wiley, Econometric Society]},
 title = {Prospect Theory: An Analysis of Decision under Risk},
 volume = {47},
 year = {1979}
}

